@INPROCEEDINGS{keyvanrad1,
	author={M. A. Keyvanrad and M. M. Homayounpour},
	booktitle={2015 International Joint Conference on Neural Networks (IJCNN)},
	title={Normal sparse Deep Belief Network},
	year={2015},
	pages={1-7},
	keywords={belief networks;classification;data structures;learning (artificial intelligence);principal component analysis;DBN;PCA;classification;deep architectures;feature representations;machine learning;normal sparse deep belief network;qsRBM;rdsRBM;training data;unlabeled data;Computer architecture;Handwriting recognition;Linear programming;Deep Belief Network;Normal Sparse RBM;Restricted Boltzmann Machine;quadratic sparse RBM;rate distortion sparse RBM},
	doi={10.1109/IJCNN.2015.7280688},
	ISSN={2161-4393},
	month={July},}

@article{liu1,

title = "Discriminative deep belief networks for visual data classification ",

journal = "Pattern Recognition ",

volume = "44",

number = "10–11",

pages = "2287 - 2296",

year = "2011",

note = "Semi-Supervised Learning for Visual Content Analysis and Understanding ",

issn = "0031-3203",

doi = "http://dx.doi.org/10.1016/j.patcog.2010.12.012",

url = "http://www.sciencedirect.com/science/article/pii/S0031320310005789",

author = "Yan Liu and Shusen Zhou and Qingcai Chen",

keywords = "Semi-supervised learning",

keywords = "Discriminative deep belief networks",

keywords = "Deep learning",

keywords = "Visual data classification "

}



@conference{carreiraperpinan1,
	added-at = {2014-04-08T11:15:45.000+0200},
	author = {Carreira-Perpinan, Miguel A. and Hinton, Geoffrey E.},
	biburl = {http://www.bibsonomy.org/bibtex/287686aa19cf8339d926bafc7860d78b4/prlz77},
	editor = {Intelligence, Artificial and {Statistics, 2005}, Barbados},
	interhash = {6f46aaf7a3dd6e0a85e6ad0c95e55951},
	intrahash = {87686aa19cf8339d926bafc7860d78b4},
	keywords = {Contrastive Divergence Learning On},
	timestamp = {2014-04-08T11:15:45.000+0200},
	title = {On Contrastive Divergence Learning },
	year = 2005
}

@inproceedings{tieleman1,
	author = {Tieleman, Tijmen},
	title = {Training Restricted Boltzmann Machines Using Approximations to the Likelihood Gradient},
	booktitle = {Proceedings of the 25th International Conference on Machine Learning},
	series = {ICML '08},
	year = {2008},
	isbn = {978-1-60558-205-4},
	location = {Helsinki, Finland},
	pages = {1064--1071},
	numpages = {8},
	url = {http://doi.acm.org/10.1145/1390156.1390290},
	doi = {10.1145/1390156.1390290},
	acmid = {1390290},
	publisher = {ACM},
	address = {New York, NY, USA},
} 

@article{keyvanrad2,
	author    = {Mohammad Ali Keyvanrad and
	Mohammad Mehdi Homayounpour},
	title     = {Deep Belief Network Training Improvement Using Elite Samples Minimizing
	Free Energy},
	journal   = {CoRR},
	volume    = {abs/1411.4046},
	year      = {2014},
	url       = {http://arxiv.org/abs/1411.4046},
	timestamp = {Mon, 01 Dec 2014 14:32:13 +0100},
	biburl    = {http://dblp.uni-trier.de/rec/bib/journals/corr/KeyvanradH14a},
	bibsource = {dblp computer science bibliography, http://dblp.org}
}

@article{olshausen1,
	added-at = {2011-05-09T23:10:52.000+0200},
	author = {Olshausen, B. and Field, D.},
	biburl = {http://www.bibsonomy.org/bibtex/23a4d4ad41633816ff7e0fccabfcb45fd/josephausterwei},
	interhash = {62f8f2a3d7411ecc0751ff870a07afc1},
	intrahash = {3a4d4ad41633816ff7e0fccabfcb45fd},
	journal = {Nature},
	keywords = {imported},
	pages = {607-609},
	timestamp = {2011-05-10T10:42:42.000+0200},
	title = {Emergence of Simple-Cell Receptive Field Properties by Learning a Sparse Code for Natural Images},
	volume = 381,
	year = 1996
}

@article{bengio1,
	author = {Bengio, Yoshua},
	title = {Learning Deep Architectures for AI},
	journal = {Found. Trends Mach. Learn.},
	issue_date = {January 2009},
	volume = {2},
	number = {1},
	month = jan,
	year = {2009},
	issn = {1935-8237},
	pages = {1--127},
	numpages = {127},
	url = {http://dx.doi.org/10.1561/2200000006},
	doi = {10.1561/2200000006},
	acmid = {1658424},
	publisher = {Now Publishers Inc.},
	address = {Hanover, MA, USA},
} 

@INPROCEEDINGS{walid1,
	author={R. Walid and A. Lasfar},
	booktitle={Intelligent Systems: Theories and Applications (SITA-14), 2014 9th International Conference on},
	title={Handwritten digit recognition using sparse deep architectures},
	year={2014},
	pages={1-6},
	keywords={belief networks;feature extraction;handwritten character recognition;image coding;image denoising;learning (artificial intelligence);neural nets;object recognition;ICDAR 2013 handwritten digit competition;automated feature extraction;deep neural networks;denoising autoencoder;handwritten digit recognition;intelligent pattern recognition;machine learning;sparse deep architectures;sparse deep belief network;Computational modeling;Feature extraction;Image coding;Noise reduction;Training;Training data;Vectors},
	doi={10.1109/SITA.2014.6847284},
	month={May},}

@inproceedings{larochelle1,
	author = {Larochelle, Hugo and Bengio, Yoshua},
	title = {Classification Using Discriminative Restricted Boltzmann Machines},
	booktitle = {Proceedings of the 25th International Conference on Machine Learning},
	series = {ICML '08},
	year = {2008},
	isbn = {978-1-60558-205-4},
	location = {Helsinki, Finland},
	pages = {536--543},
	numpages = {8},
	url = {http://doi.acm.org/10.1145/1390156.1390224},
	doi = {10.1145/1390156.1390224},
	acmid = {1390224},
	publisher = {ACM},
	address = {New York, NY, USA},
}

@article{halkias1,
	author    = {Xanadu Halkias and
	S{\'{e}}bastien Paris and
	Herv{\'{e}} Glotin},
	title     = {Sparse Penalty in Deep Belief Networks: Using the Mixed Norm Constraint},
	journal   = {CoRR},
	volume    = {abs/1301.3533},
	year      = {2013},
	url       = {http://arxiv.org/abs/1301.3533},
	timestamp = {Fri, 01 Feb 2013 13:30:47 +0100},
	biburl    = {http://dblp.uni-trier.de/rec/bib/journals/corr/abs-1301-3533},
	bibsource = {dblp computer science bibliography, http://dblp.org}
}

@article{ji1,
title = "A sparse-response deep belief network based on rate distortion theory ",

journal = "Pattern Recognition ",

volume = "47",

number = "9",

pages = "3179 - 3191",

year = "2014",

note = "",

issn = "0031-3203",

doi = "http://dx.doi.org/10.1016/j.patcog.2014.03.025",

url = "http://www.sciencedirect.com/science/article/pii/S003132031400123X",

author = "Nan-Nan Ji and Jiang-She Zhang and Chun-Xia Zhang",

keywords = "Deep belief network",

keywords = "Kullback–Leibler divergence",

keywords = "Information entropy",

keywords = "Rate distortion theory",

keywords = "Unsupervised feature learning "

}

@inproceedings{lee1,
	author = {Lee, Honglak and Ekanadham, Chaitanya and Ng, Andrew Y.},
	title = {Sparse Deep Belief Net Model for Visual Area V2},
	booktitle = {Proceedings of the 20th International Conference on Neural Information Processing Systems},
	series = {NIPS'07},
	year = {2007},
	isbn = {978-1-60560-352-0},
	location = {Vancouver, British Columbia, Canada},
	pages = {873--880},
	numpages = {8},
	url = {http://dl.acm.org/citation.cfm?id=2981562.2981672},
	acmid = {2981672},
	publisher = {Curran Associates Inc.},
	address = {USA},
} 

@inproceedings{taylor1,
	author = {Taylor, Graham W. and Hinton, Geoffrey E. and Roweis, Sam},
	title = {Modeling Human Motion Using Binary Latent Variables},
	booktitle = {Proceedings of the 19th International Conference on Neural Information Processing Systems},
	series = {NIPS'06},
	year = {2006},
	location = {Canada},
	pages = {1345--1352},
	numpages = {8},
	url = {http://dl.acm.org/citation.cfm?id=2976456.2976625},
	acmid = {2976625},
	publisher = {MIT Press},
	address = {Cambridge, MA, USA},
} 

@incollection{hinton1,

title = "To recognize shapes, first learn to generate images ",

editor = "Paul Cisek, Trevor Drew and John F. Kalaska",

booktitle = "Computational Neuroscience: Theoretical Insights into Brain Function",

publisher = "Elsevier",

year = "2007",

volume = "165",

pages = "535 - 547",

series = "Progress in Brain Research ",

issn = "0079-6123",

doi = "http://dx.doi.org/10.1016/S0079-6123(06)65034-6",

url = "http://www.sciencedirect.com/science/article/pii/S0079612306650346",

author = "Geoffrey E. Hinton",

keywords = "learning algorithms",

keywords = "multilayer neural networks",

keywords = "unsupervised learning",

keywords = "Boltzmann machines",

keywords = "wake–sleep algorithm",

keywords = "contrastive divergence",

keywords = "feature discovery",

keywords = "shape recognition",

keywords = "generative models "

}

@Inbook{hinton2,
	author="Hinton, Geoffrey E.",
	editor="Montavon, Gr{\'e}goire
	and Orr, Genevi{\`e}ve B.
	and M{\"u}ller, Klaus-Robert",
	title="A Practical Guide to Training Restricted Boltzmann Machines",
	bookTitle="Neural Networks: Tricks of the Trade: Second Edition",
	year="2012",
	publisher="Springer Berlin Heidelberg",
	address="Berlin, Heidelberg",
	pages="599--619",
	isbn="978-3-642-35289-8",
	doi="10.1007/978-3-642-35289-8_32",
	url="http://dx.doi.org/10.1007/978-3-642-35289-8_32"
}

@article{keyvanrad3,
	author    = {Mohammad Ali Keyvanrad and
	Mohammad Mehdi Homayounpour},
	title     = {A brief survey on deep belief networks and introducing a new object
	oriented {MATLAB} toolbox (DeeBNet)},
	journal   = {CoRR},
	volume    = {abs/1408.3264},
	year      = {2014},
	url       = {http://arxiv.org/abs/1408.3264},
	timestamp = {Fri, 12 Sep 2014 12:44:21 +0200},
	biburl    = {http://dblp.uni-trier.de/rec/bib/journals/corr/KeyvanradH14},
	bibsource = {dblp computer science bibliography, http://dblp.org}
}

@article{lecun,
	added-at = {2010-06-28T21:16:30.000+0200},
	author = {LeCun, Yann and Cortes, Corinna},
	biburl = {http://www.bibsonomy.org/bibtex/2935bad99fa1f65e03c25b315aa3c1032/mhwombat},
	groups = {public},
	howpublished = {http://yann.lecun.com/exdb/mnist/},
	interhash = {21b9d0558bd66279df9452562df6e6f3},
	intrahash = {935bad99fa1f65e03c25b315aa3c1032},
	keywords = {MSc _checked character_recognition mnist network neural},
	lastchecked = {2016-01-14 14:24:11},
	timestamp = {2016-07-12T19:25:30.000+0200},
	title = {{MNIST} handwritten digit database},
	url = {http://yann.lecun.com/exdb/mnist/},
	username = {mhwombat},
	year = 2010
}








